<record><leader>00000cas a22000007a 4500</leader><controlfield tag="001">9699607</controlfield><controlfield tag="008">830713d18uu1904ohuwr ne      0    0eng d</controlfield><datafield ind1=" " ind2=" " tag="010"><subfield code="a">sn 83035335 </subfield></datafield><datafield ind1=" " ind2=" " tag="040"><subfield code="a">NPY</subfield><subfield code="b">eng</subfield><subfield code="c">NPY</subfield><subfield code="d">DLC</subfield><subfield code="d">NPY</subfield><subfield code="d">ONP</subfield><subfield code="d">OCL</subfield><subfield code="d">OCLCQ</subfield><subfield code="d">OCLCF</subfield><subfield code="d">OCLCO</subfield><subfield code="d">OCLCQ</subfield><subfield code="d">OCLCA</subfield></datafield><datafield ind1=" " ind2=" " tag="042"><subfield code="a">msc</subfield></datafield><datafield ind1=" " ind2=" " tag="043"><subfield code="a">n-us-oh</subfield></datafield><datafield ind1="0" ind2=" " tag="130"><subfield code="a">Weekly plain dealer (Cleveland, Ohio)</subfield></datafield><datafield ind1="1" ind2="0" tag="245"><subfield code="a">Weekly plain dealer.</subfield></datafield><datafield ind1="1" ind2="7" tag="246"><subfield code="a">Cleveland weekly plain dealer</subfield></datafield><datafield ind1=" " ind2=" " tag="260"><subfield code="a">Cleveland, Ohio :</subfield><subfield code="b">Plain Dealer Pub. Co.</subfield></datafield><datafield ind1=" " ind2=" " tag="300"><subfield code="a">volumes</subfield></datafield><datafield ind1=" " ind2=" " tag="310"><subfield code="a">Weekly</subfield></datafield><datafield ind1=" " ind2=" " tag="336"><subfield code="a">text</subfield><subfield code="b">txt</subfield><subfield code="2">rdacontent</subfield></datafield><datafield ind1=" " ind2=" " tag="337"><subfield code="a">unmediated</subfield><subfield code="b">n</subfield><subfield code="2">rdamedia</subfield></datafield><datafield ind1=" " ind2=" " tag="338"><subfield code="a">volume</subfield><subfield code="b">nc</subfield><subfield code="2">rdacarrier</subfield></datafield><datafield ind1="1" ind2=" " tag="362"><subfield code="a">Ceased with Dec. 8, 1904 issue.</subfield></datafield><datafield ind1=" " ind2=" " tag="500"><subfield code="a">"Democratic."</subfield></datafield><datafield ind1=" " ind2=" " tag="580"><subfield code="a">Triweekly ed.: Cleveland tri-weekly plain dealer.</subfield></datafield><datafield ind1=" " ind2=" " tag="580"><subfield code="a">Daily evening eds.: Cleveland daily plain dealer (Cleveland, Ohio : 1845), 18uu-1881; and: Daily plain dealer (Cleveland, Ohio), 1881-1883; and: Plain dealer (Cleveland, Ohio : 1883), 1883-1885; and: Evening plain dealer (Cleveland, Ohio : 1885), 1885-1893; and: Evening post (Cleveland, Ohio : 1893), 1893-1897; and: Evening plain dealer and evening post, 1897-1898; and: Evening plain dealer (Cleveland, Ohio : 1898), 1898-1904.</subfield></datafield><datafield ind1=" " ind2=" " tag="580"><subfield code="a">Daily morning ed.: Cleveland plain dealer (Cleveland, Ohio : 1885).</subfield></datafield><datafield ind1=" " ind2=" " tag="588"><subfield code="a">Description based on: Vol. 39, no. 39 (Sept. 22, 1881).</subfield></datafield><datafield ind1=" " ind2="0" tag="651"><subfield code="a">Cleveland (Ohio)</subfield><subfield code="v">Newspapers.</subfield></datafield><datafield ind1=" " ind2="0" tag="651"><subfield code="a">Cuyahoga County (Ohio)</subfield><subfield code="v">Newspapers.</subfield></datafield><datafield ind1=" " ind2="7" tag="651"><subfield code="a">Ohio</subfield><subfield code="z">Cleveland.</subfield><subfield code="2">fast</subfield><subfield code="0">(OCoLC)fst01205966</subfield></datafield><datafield ind1=" " ind2="7" tag="651"><subfield code="a">Ohio</subfield><subfield code="z">Cuyahoga County.</subfield><subfield code="2">fast</subfield><subfield code="0">(OCoLC)fst01202752</subfield></datafield><datafield ind1=" " ind2="7" tag="655"><subfield code="a">Newspapers.</subfield><subfield code="2">fast</subfield><subfield code="0">(OCoLC)fst01423814</subfield></datafield><datafield ind1=" " ind2=" " tag="752"><subfield code="a">United States</subfield><subfield code="b">Ohio</subfield><subfield code="c">Cuyahoga</subfield><subfield code="d">Cleveland.</subfield></datafield><datafield ind1="1" ind2=" " tag="775"><subfield code="t">Cleveland tri-weekly plain dealer</subfield><subfield code="w">(DLC)sn 83035336</subfield></datafield><datafield ind1="1" ind2=" " tag="775"><subfield code="t">Cleveland daily plain dealer (Cleveland, Ohio : 1845)</subfield><subfield code="w">(DLC)sn 83045521</subfield></datafield><datafield ind1="1" ind2=" " tag="775"><subfield code="t">Cleveland plain dealer (Cleveland, Ohio : 1880)</subfield><subfield code="w">(DLC)sn 83035549</subfield></datafield><datafield ind1="1" ind2=" " tag="775"><subfield code="t">Daily plain dealer (Cleveland, Ohio)</subfield><subfield code="w">(DLC)sn 83035550</subfield></datafield><datafield ind1="1" ind2=" " tag="775"><subfield code="t">Plain dealer (Cleveland, Ohio : 1883)</subfield><subfield code="w">(DLC)sn 83035551</subfield></datafield><datafield ind1="1" ind2=" " tag="775"><subfield code="t">Evening plain dealer (Cleveland, Ohio : 1885)</subfield><subfield code="w">(DLC)sn 83035552</subfield></datafield><datafield ind1="1" ind2=" " tag="775"><subfield code="t">Evening post (Cleveland, Ohio : 1893)</subfield><subfield code="w">(DLC)sn 83035553</subfield></datafield><datafield ind1="1" ind2=" " tag="775"><subfield code="t">Evening plain dealer and evening post</subfield><subfield code="w">(DLC)sn 83035554</subfield></datafield><datafield ind1="1" ind2=" " tag="775"><subfield code="t">Evening plain dealer (Cleveland, Ohio : 1898)</subfield><subfield code="w">(DLC)sn 83035555</subfield></datafield><datafield ind1="1" ind2=" " tag="775"><subfield code="t">Cleveland plain dealer (Cleveland, Ohio : 1885)</subfield><subfield code="w">(DLC)sn 83045167</subfield></datafield><datafield ind1="0" ind2="0" tag="780"><subfield code="t">Cleveland weekly plain dealer (Cleveland, Ohio : 1854)</subfield><subfield code="w">(DLC)sn 83035334</subfield></datafield><datafield ind1="1" ind2=" " tag="029"><subfield code="a">AU@</subfield><subfield code="b">000020227589</subfield></datafield></record>